@inproceedings{du2019linear,
  title={Linear convergence of the primal-dual gradient method for convex-concave saddle point problems without strong convexity},
  author={Du, Simon S and Hu, Wei},
  booktitle={The 22nd International Conference on Artificial Intelligence and Statistics},
  pages={196--205},
  year={2019},
  organization={PMLR}
}

@article{diamond2016cvxpy,
  title={CVXPY: A Python-embedded modeling language for convex optimization},
  author={Diamond, Steven and Boyd, Stephen},
  journal={Journal of Machine Learning Research},
  volume={17},
  number={83},
  pages={1--5},
  year={2016}
}

@article{paszke2019pytorch,
  title={Pytorch: An imperative style, high-performance deep learning library},
  author={Paszke, Adam and Gross, Sam and Massa, Francisco and Lerer, Adam and Bradbury, James and Chanan, Gregory and Killeen, Trevor and Lin, Zeming and Gimelshein, Natalia and Antiga, Luca and others},
  journal={Advances in neural information processing systems},
  volume={32},
  year={2019}
}

@article{kingma2014adam,
  title={Adam: A method for stochastic optimization},
  author={Kingma, Diederik P and Ba, Jimmy},
  journal={arXiv preprint arXiv:1412.6980},
  year={2014}
}

@inproceedings{golowich2020last,
  title={Last iterate is slower than averaged iterate in smooth convex-concave saddle point problems},
  author={Golowich, Noah and Pattathil, Sarath and Daskalakis, Constantinos and Ozdaglar, Asuman},
  booktitle={Conference on Learning Theory},
  pages={1758--1784},
  year={2020},
  organization={PMLR}
}

@article{tseng2008accelerated,
  title={On accelerated proximal gradient methods for convex-concave optimization},
  author={Tseng, Paul},
  journal={submitted to SIAM Journal on Optimization},
  volume={2},
  number={3},
  year={2008}
}

@article{auslender2005interior,
  title={Interior projection-like methods for monotone variational inequalities},
  author={Auslender, Alfred and Teboulle, Marc},
  journal={Mathematical programming},
  volume={104},
  number={1},
  pages={39--68},
  year={2005},
  publisher={Springer}
}

@article{monteiro2010complexity,
  title={On the complexity of the hybrid proximal extragradient method for the iterates and the ergodic mean},
  author={Monteiro, Renato DC and Svaiter, Benar Fux},
  journal={SIAM Journal on Optimization},
  volume={20},
  number={6},
  pages={2755--2787},
  year={2010},
  publisher={SIAM}
}

@article{hsieh2019convergence,
  title={On the convergence of single-call stochastic extra-gradient methods},
  author={Hsieh, Yu-Guan and Iutzeler, Franck and Malick, J{\'e}r{\^o}me and Mertikopoulos, Panayotis},
  journal={Advances in Neural Information Processing Systems},
  volume={32},
  year={2019}
}

@article{mokhtari2019proximal,
  title={Proximal point approximations achieving a convergence rate of o (1/k) for smooth convex-concave saddle point problems: Optimistic gradient and extra-gradient methods},
  author={Mokhtari, Aryan and Ozdaglar, Asuman and Pattathil, Sarath},
  journal={arXiv preprint arXiv:1906.01115},
  pages={1},
  year={2019}
}

@article{nemirovski2004prox,
  title={Prox-method with rate of convergence O (1/t) for variational inequalities with Lipschitz continuous monotone operators and smooth convex-concave saddle point problems},
  author={Nemirovski, Arkadi},
  journal={SIAM Journal on Optimization},
  volume={15},
  number={1},
  pages={229--251},
  year={2004},
  publisher={SIAM}
}

@article{popov1980modification,
  title={A modification of the Arrow-Hurwitz method of search for saddle points},
  author={Popov, Leonid Denisovich},
  journal={Mat. Zametki},
  volume={28},
  number={5},
  pages={777--784},
  year={1980}
}

@article{korpelevich1976extragradient,
  title={The extragradient method for finding saddle points and other problems},
  author={Korpelevich, Galina M},
  journal={Matecon},
  volume={12},
  pages={747--756},
  year={1976}
}

@article{wachsmuth2013licq,
  title={On LICQ and the uniqueness of Lagrange multipliers},
  author={Wachsmuth, Gerd},
  journal={Operations Research Letters},
  volume={41},
  number={1},
  pages={78--80},
  year={2013},
  publisher={Elsevier}
}

@misc{lu2024firstorder,
      title={First-order penalty methods for bilevel optimization}, 
      author={Zhaosong Lu and Sanyou Mei},
      year={2024},
      eprint={2301.01716},
      archivePrefix={arXiv},
      primaryClass={math.OC}
}

@article{wang2020automatically,
  title={Automatically learning compact quality-aware surrogates for optimization problems},
  author={Wang, Kai and Wilder, Bryan and Perrault, Andrew and Tambe, Milind},
  journal={Advances in Neural Information Processing Systems},
  volume={33},
  pages={9586--9596},
  year={2020}
}

@article{fathollahi2022bi,
  title={Bi-level programming for home health care supply chain considering outsourcing},
  author={Fathollahi-Fard, Amir M and Hajiaghaei-Keshteli, Mostafa and Tavakkoli-Moghaddam, Reza and Smith, Neale R},
  journal={Journal of Industrial Information Integration},
  volume={25},
  pages={100246},
  year={2022},
  publisher={Elsevier}
}

@article{zhang2010bilevel,
  title={A bilevel model for preventive healthcare facility network design with congestion},
  author={Zhang, Yue and Berman, Oded and Marcotte, Patrice and Verter, Vedat},
  journal={IIE Transactions},
  volume={42},
  number={12},
  pages={865--880},
  year={2010},
  publisher={Taylor \& Francis}
}

@article{colson2007overview,
  title={An overview of bilevel optimization},
  author={Colson, Beno{\^{i}}t and Marcotte, Patrice and Savard, Gilles},
  journal={Annals of operations research},
  volume={153},
  pages={235--256},
  year={2007},
  publisher={Springer}
}

@article{sinha2017review,
  title={A review on bilevel optimization: From classical to evolutionary approaches and applications},
  author={Sinha, Ankur and Malo, Pekka and Deb, Kalyanmoy},
  journal={IEEE transactions on evolutionary computation},
  volume={22},
  number={2},
  pages={276--295},
  year={2017},
  publisher={IEEE}
}

@article{gutjahr2016bi,
  title={Bi-objective bilevel optimization of distribution center locations considering user equilibria},
  author={Gutjahr, Walter J and Dzubur, Nada},
  journal={Transportation Research Part E: Logistics and Transportation Review},
  volume={85},
  pages={1--22},
  year={2016},
  publisher={Elsevier}
}

@article{xu2013bilevel,
  title={Bilevel optimization of regional water resources allocation problem under fuzzy random environment},
  author={Xu, Jiuping and Tu, Yan and Zeng, Ziqiang},
  journal={Journal of Water Resources Planning and Management},
  volume={139},
  number={3},
  pages={246--264},
  year={2013},
  publisher={American Society of Civil Engineers}
}

@article{kang2010bilevel,
  title={Bilevel highway route optimization},
  author={Kang, Min Wook and Yang, Ning and Schonfeld, Paul and Jha, Manoj},
  journal={Transportation research record},
  volume={2197},
  number={1},
  pages={107--117},
  year={2010},
  publisher={SAGE Publications Sage CA: Los Angeles, CA}
}

@article{miao2010modeling,
  title={Modeling of bilevel games and incentives for sustainable critical infrastructure system},
  author={Miao, Xin and Yu, Bo and Xi, Bao and Tang, Yan-hong},
  journal={Technological and Economic Development of Economy},
  volume={16},
  number={3},
  pages={365--379},
  year={2010},
  publisher={Taylor \& Francis}
}

@book{bard2013practical,
  title={Practical bilevel optimization: algorithms and applications},
  author={Bard, Jonathan F},
  volume={30},
  year={2013},
  publisher={Springer Science \& Business Media}
}

@article{chu2014integrated,
  title={Integrated scheduling and dynamic optimization by stackelberg game: bilevel model formulation and efficient solution algorithm},
  author={Chu, Yunfei and You, Fengqi},
  journal={Industrial \& Engineering Chemistry Research},
  volume={53},
  number={13},
  pages={5564--5581},
  year={2014},
  publisher={ACS Publications}
}

@inproceedings{zhang2020bi,
  title={Bi-level actor-critic for multi-agent coordination},
  author={Zhang, Haifeng and Chen, Weizhe and Huang, Zeren and Li, Minne and Yang, Yaodong and Zhang, Weinan and Wang, Jun},
  booktitle={Proceedings of the AAAI Conference on Artificial Intelligence},
  volume={34},
  number={05},
  pages={7325--7332},
  year={2020}
}

@article{wang2021learning,
  title={Learning mdps from features: Predict-then-optimize for sequential decision making by reinforcement learning},
  author={Wang, Kai and Shah, Sanket and Chen, Haipeng and Perrault, Andrew and Doshi-Velez, Finale and Tambe, Milind},
  journal={Advances in Neural Information Processing Systems},
  volume={34},
  pages={8795--8806},
  year={2021}
}

@article{amos2023tutorial,
  title={Tutorial on amortized optimization},
  author={Amos, Brandon and others},
  journal={Foundations and Trends{\textregistered} in Machine Learning},
  volume={16},
  number={5},
  pages={592--732},
  year={2023},
  publisher={Now Publishers, Inc.}
}

@article{bai2020multiscale,
  title={Multiscale deep equilibrium models},
  author={Bai, Shaojie and Koltun, Vladlen and Kolter, J Zico},
  journal={Advances in neural information processing systems},
  volume={33},
  pages={5238--5250},
  year={2020}
}

@article{bai2019deep,
  title={Deep equilibrium models},
  author={Bai, Shaojie and Kolter, J Zico and Koltun, Vladlen},
  journal={Advances in neural information processing systems},
  volume={32},
  year={2019}
}

@article{tang2022pyepo,
  title={Pyepo: A pytorch-based end-to-end predict-then-optimize library for linear and integer programming},
  author={Tang, Bo and Khalil, Elias B},
  journal={arXiv preprint arXiv:2206.14234},
  year={2022}
}

@inproceedings{wilder2019melding,
  title={Melding the data-decisions pipeline: Decision-focused learning for combinatorial optimization},
  author={Wilder, Bryan and Dilkina, Bistra and Tambe, Milind},
  booktitle={Proceedings of the AAAI Conference on Artificial Intelligence},
  volume={33},
  number={01},
  pages={1658--1665},
  year={2019}
}

@article{dutting2021optimal,
  title={Optimal auctions through deep learning},
  author={D{\"u}tting, Paul and Feng, Zhe and Narasimhan, Harikrishna and Parkes, David C and Ravindranath, Sai S},
  journal={Communications of the ACM},
  volume={64},
  number={8},
  pages={109--116},
  year={2021},
  publisher={ACM New York, NY, USA}
}

@inproceedings{wang2022coordinating,
  title={Coordinating followers to reach better equilibria: End-to-end gradient descent for stackelberg games},
  author={Wang, Kai and Xu, Lily and Perrault, Andrew and Reiter, Michael K and Tambe, Milind},
  booktitle={Proceedings of the AAAI Conference on Artificial Intelligence},
  volume={36},
  number={5},
  pages={5219--5227},
  year={2022}
}

@article{elmachtoub2022smart,
  title={Smart “predict, then optimize”},
  author={Elmachtoub, Adam N and Grigas, Paul},
  journal={Management Science},
  volume={68},
  number={1},
  pages={9--26},
  year={2022},
  publisher={INFORMS}
}

@inproceedings{paruchuri2008playing,
  title={Playing games for security: An efficient exact algorithm for solving Bayesian Stackelberg games},
  author={Paruchuri, Praveen and Pearce, Jonathan P and Marecki, Janusz and Tambe, Milind and Ordonez, Fernando and Kraus, Sarit},
  booktitle={Proceedings of the 7th international joint conference on Autonomous agents and multiagent systems-Volume 2},
  pages={895--902},
  year={2008}
}

@article{simaan1973stackelberg,
  title={On the Stackelberg strategy in nonzero-sum games},
  author={Simaan, Marwaan and Cruz Jr, Jose B},
  journal={Journal of Optimization Theory and Applications},
  volume={11},
  number={5},
  pages={533--555},
  year={1973},
  publisher={Springer}
}

@article{munoz2022bilevel,
  title={A bilevel framework for decision-making under uncertainty with contextual information},
  author={Mu{\~n}oz, Miguel Angel and Pineda, Salvador and Morales, Juan Miguel},
  journal={Omega},
  volume={108},
  pages={102575},
  year={2022},
  publisher={Elsevier}
}

@inproceedings{mehra2021penalty,
  title={Penalty method for inversion-free deep bilevel optimization},
  author={Mehra, Akshay and Hamm, Jihun},
  booktitle={Asian conference on machine learning},
  pages={347--362},
  year={2021},
  organization={PMLR}
}

@inproceedings{ji2021bilevel,
  title={Bilevel optimization: Convergence analysis and enhanced design},
  author={Ji, Kaiyi and Yang, Junjie and Liang, Yingbin},
  booktitle={International conference on machine learning},
  pages={4882--4892},
  year={2021},
  organization={PMLR}
}

@article{devolder2014first,
  title={First-order methods of smooth convex optimization with inexact oracle},
  author={Devolder, Olivier and Glineur, Fran{\c{c}}ois and Nesterov, Yurii},
  journal={Mathematical Programming},
  volume={146},
  pages={37--75},
  year={2014},
  publisher={Springer}
}

@article{nemirovskij1983problem,
  title={Problem complexity and method efficiency in optimization},
  author={Nemirovskij, Arkadij Semenovi{\v{c}} and Yudin, David Borisovich},
  year={1983},
  publisher={Wiley-Interscience}
}

@article{kornowski2022oracle,
  title={Oracle complexity in nonsmooth nonconvex optimization},
  author={Kornowski, Guy and Shamir, Ohad},
  journal={Journal of Machine Learning Research},
  volume={23},
  number={314},
  pages={1--44},
  year={2022}
}

@article{kong2023cost,
  title={The cost of nonconvexity in deterministic nonsmooth optimization},
  author={Kong, Siyu and Lewis, AS},
  journal={Mathematics of Operations Research},
  year={2023},
  publisher={INFORMS}
}

@inproceedings{jordan2023deterministic,
  title={Deterministic nonsmooth nonconvex optimization},
  author={Jordan, Michael and Kornowski, Guy and Lin, Tianyi and Shamir, Ohad and Zampetakis, Manolis},
  booktitle={The Thirty Sixth Annual Conference on Learning Theory},
  pages={4570--4597},
  year={2023},
  organization={PMLR}
}

@article{grimmer2023goldstein,
  title={Goldstein Stationarity in Lipschitz Constrained Optimization},
  author={Grimmer, Benjamin and Jia, Zhichao}, 
  journal={arXiv preprint arXiv:2310.03690}, 
 year = {2023}
}

@inproceedings{lee2019meta,
  title={Meta-learning with differentiable convex optimization},
  author={Lee, Kwonjoon and Maji, Subhransu and Ravichandran, Avinash and Soatto, Stefano},
  booktitle={Proceedings of the IEEE/CVF conference on computer vision and pattern recognition},
  pages={10657--10665},
  year={2019}
}

@article{kotary2021end,
  title={End-to-end constrained optimization learning: A survey},
  author={Kotary, James and Fioretto, Ferdinando and Van Hentenryck, Pascal and Wilder, Bryan},
  journal={arXiv preprint arXiv:2103.16378},
  year={2021}
}

@article{donti2017task,
  title={Task-based end-to-end model learning in stochastic optimization},
  author={Donti, Priya and Amos, Brandon and Kolter, J Zico},
  journal={Advances in neural information processing systems},
  volume={30},
  year={2017}
}

@inproceedings{wilder2019melding,
  title={Melding the data-decisions pipeline: Decision-focused learning for combinatorial optimization},
  author={Wilder, Bryan and Dilkina, Bistra and Tambe, Milind},
  booktitle={Proceedings of the AAAI Conference on Artificial Intelligence},
  volume={33},
  number={01},
  pages={1658--1665},
  year={2019}
}

@book{dontchev2009implicit,
  title={Implicit functions and solution mappings},
  author={Dontchev, Asen L and Rockafellar, R Tyrrell},
  volume={543},
  year={2009},
  publisher={Springer}
}

@article{clarke1981generalized,
  title={Generalized gradients of Lipschitz functionals},
  author={Clarke, Frank H},
  journal={Advances in Mathematics},
  volume={40},
  number={1},
  pages={52--67},
  year={1981},
  publisher={Elsevier}
}

@article{goldstein1977optimization,
  title={Optimization of Lipschitz continuous functions},
  author={Goldstein, AA},
  journal={Mathematical Programming},
  volume={13},
  pages={14--22},
  year={1977},
  publisher={Springer}
}

@article{akhtar2022projection,
  title={Projection-free stochastic bi-level optimization},
  author={Akhtar, Zeeshan and Bedi, Amrit Singh and Thomdapu, Srujan Teja and Rajawat, Ketan},
  journal={IEEE Transactions on Signal Processing},
  volume={70},
  pages={6332--6347},
  year={2022},
  publisher={IEEE}
}

@article{merchav2023convex,
  title={Convex Bi-level Optimization Problems with Nonsmooth Outer Objective Function},
  author={Merchav, Roey and Sabach, Shoham},
  journal={SIAM Journal on Optimization},
  volume={33},
  number={4},
  pages={3114--3142},
  year={2023},
  publisher={SIAM}
}

@article{sabach2017first,
  title={A first order method for solving convex bilevel optimization problems},
  author={Sabach, Shoham and Shtern, Shimrit},
  journal={SIAM Journal on Optimization},
  volume={27},
  number={2},
  pages={640--660},
  year={2017},
  publisher={SIAM}
}

@inproceedings{amini2019iterative,
  title={An iterative regularized incremental projected subgradient method for a class of bilevel optimization problems},
  author={Amini, Mostafa and Yousefian, Farzad},
  booktitle={2019 American Control Conference (ACC)},
  pages={4069--4074},
  year={2019},
  organization={IEEE}
}

@article{solodov2007explicit,
  title={An explicit descent method for bilevel convex optimization},
  author={Solodov, Mikhail},
  journal={Journal of Convex Analysis},
  volume={14},
  number={2},
  pages={227},
  year={2007},
  publisher={HELDERMANN VERLAG LANGER GRABEN 17, 32657 LEMGO, GERMANY}
}

@article{amini2019iterativereg,
  title={An iterative regularized mirror descent method for ill-posed nondifferentiable stochastic optimization},
  author={Amini, Mostafa and Yousefian, Farzad},
  journal={arXiv preprint arXiv:1901.09506},
  year={2019}
}

@article{khanduri2021near,
  title={A near-optimal algorithm for stochastic bilevel optimization via double-momentum},
  author={Khanduri, Prashant and Zeng, Siliang and Hong, Mingyi and Wai, Hoi-To and Wang, Zhaoran and Yang, Zhuoran},
  journal={Advances in neural information processing systems},
  volume={34},
  pages={30271--30283},
  year={2021}
}

@article{dagreou2022framework,
  title={A framework for bilevel optimization that enables stochastic and global variance reduction algorithms},
  author={Dagr{\'e}ou, Mathieu and Ablin, Pierre and Vaiter, Samuel and Moreau, Thomas},
  journal={Advances in Neural Information Processing Systems},
  volume={35},
  pages={26698--26710},
  year={2022}
}

@article{ishizuka1992double,
  title={Double penalty method for bilevel optimization problems},
  author={Ishizuka, Yo and Aiyoshi, Eitaro},
  journal={Annals of Operations Research},
  volume={34},
  number={1},
  pages={73--88},
  year={1992},
  publisher={Springer}
}

@article{anandalingam1990solution,
  title={A solution method for the linear static Stackelberg problem using penalty functions},
  author={Anandalingam, G and White, DJ},
  journal={IEEE Transactions on automatic control},
  volume={35},
  number={10},
  pages={1170--1173},
  year={1990},
  publisher={IEEE}
}

@article{white1993penalty,
  title={A penalty function approach for solving bi-level linear programs},
  author={White, Douglas J and Anandalingam, G},
  journal={Journal of Global Optimization},
  volume={3},
  pages={397--419},
  year={1993},
  publisher={Springer}
}

@article{vicente1994descent,
  title={Descent approaches for quadratic bilevel programming},
  author={Vicente, Luis and Savard, Gilles and J{\'u}dice, Joaquim},
  journal={Journal of Optimization theory and applications},
  volume={81},
  number={2},
  pages={379--399},
  year={1994},
  publisher={Springer}
}

@article{yang2021provably,
  title={Provably faster algorithms for bilevel optimization},
  author={Yang, Junjie and Ji, Kaiyi and Liang, Yingbin},
  journal={Advances in Neural Information Processing Systems},
  volume={34},
  pages={13670--13682},
  year={2021}
}

@article{guo2021randomized,
  title={Randomized stochastic variance-reduced methods for multi-task stochastic bilevel optimization},
  author={Guo, Zhishuai and Hu, Quanqi and Zhang, Lijun and Yang, Tianbao},
  journal={arXiv preprint arXiv:2105.02266},
  year={2021}
}

@article{sow2022primal,
  title={A primal-dual approach to bilevel optimization with multiple inner minima},
  author={Sow, Daouda and Ji, Kaiyi and Guan, Ziwei and Liang, Yingbin},
  journal={arXiv preprint arXiv:2203.01123},
  year={2022}
}

@book{sutton2018reinforcement,
  title={Reinforcement learning: An introduction},
  author={Sutton, Richard S and Barto, Andrew G},
  year={2018},
  publisher={MIT press}
}

@article{ye1995optimality,
  title={Optimality conditions for bilevel programming problems},
  author={Zhu, DL},
  journal={Optimization},
  volume={33},
  number={1},
  pages={9--27},
  year={1995},
  publisher={Taylor \& Francis}
}

@article{cao2024projection,
  title={Projection-free methods for stochastic simple bilevel optimization with convex lower-level problem},
  author={Cao, Jincheng and Jiang, Ruichen and Abolfazli, Nazanin and Yazdandoost Hamedani, Erfan and Mokhtari, Aryan},
  journal={Advances in Neural Information Processing Systems},
  volume={36},
  year={2024}
}

@article{ye1997exact,
  title={Exact penalization and necessary optimality conditions for generalized bilevel programming problems},
  author={Ye, JJ and Zhu, DL},
  journal={SIAM Journal on optimization},
  volume={7},
  number={2},
  pages={481--507},
  year={1997},
  publisher={SIAM}
}

@article{konda1999actor,
  title={Actor-critic algorithms},
  author={Konda, Vijay and Tsitsiklis, John},
  journal={Advances in neural information processing systems},
  volume={12},
  year={1999}
}

@article{borsos2020coresets,
  title={Coresets via bilevel optimization for continual learning and streaming},
  author={Borsos, Zal{\'a}n and Mutny, Mojmir and Krause, Andreas},
  journal={Advances in neural information processing systems},
  volume={33},
  pages={14879--14890},
  year={2020}
}

@inproceedings{pham2020contextual,
  title={Contextual transformation networks for online continual learning},
  author={Pham, Quang and Liu, Chenghao and Sahoo, Doyen and Steven, HOI},
  booktitle={International Conference on Learning Representations},
  year={2020}
}

@article{chen2023learning,
  title={Learning with limited samples: Meta-learning and applications to communication systems},
  author={Chen, Lisha and Jose, Sharu Theresa and Nikoloska, Ivana and Park, Sangwoo and Chen, Tianyi and Simeone, Osvaldo and others},
  journal={Foundations and Trends{\textregistered} in Signal Processing},
  volume={17},
  number={2},
  pages={79--208},
  year={2023},
  publisher={Now Publishers, Inc.}
}

@article{kunapuli2008classification,
  title={Classification model selection via bilevel programming},
  author={Kunapuli, Gautam and Bennett, Kristin P and Hu, Jing and Pang, Jong-Shi},
  journal={Optimization Methods \& Software},
  volume={23},
  number={4},
  pages={475--489},
  year={2008},
  publisher={Taylor \& Francis}
}

@article{flamary2014learning,
  title={Learning constrained task similarities in graphregularized multi-task learning},
  author={Flamary, R{\'e}mi and Rakotomamonjy, Alain and Gasso, Gilles},
  journal={Regularization, Optimization, Kernels, and Support Vector Machines},
  volume={103},
  pages={1},
  year={2014},
  publisher={Chapman and Hall/CRC Boca Raton, FL, USA}
}

@article{hong2020two,
  title={A two-timescale framework for bilevel optimization: Complexity analysis and application to actor-critic. arXiv e-prints, art},
  author={Hong, M and Wai, H and Wang, Z and Yang, Z},
  journal={arXiv preprint arXiv:2007.05170},
  year={2020}
}

@article{feurer2019hyperparameter,
  title={Hyperparameter optimization},
  author={Feurer, Matthias and Hutter, Frank},
  journal={Automated machine learning: Methods, systems, challenges},
  pages={3--33},
  year={2019},
  publisher={Springer International Publishing}
}

@article{snell2017prototypical,
  title={Prototypical networks for few-shot learning},
  author={Snell, Jake and Swersky, Kevin and Zemel, Richard},
  journal={Advances in neural information processing systems},
  volume={30},
  year={2017}
}

@article{rajeswaran2019meta,
  title={Meta-learning with implicit gradients},
  author={Rajeswaran, Aravind and Finn, Chelsea and Kakade, Sham M and Levine, Sergey},
  journal={Advances in neural information processing systems},
  volume={32},
  year={2019}
}

@article{bertinetto2018meta,
  title={Meta-learning with differentiable closed-form solvers},
  author={Bertinetto, Luca and Henriques, Joao F and Torr, Philip HS and Vedaldi, Andrea},
  journal={arXiv preprint arXiv:1805.08136},
  year={2018}
}

@article{ji2020convergence,
  title={Convergence of meta-learning with task-specific adaptation over partial parameters},
  author={Ji, Kaiyi and Lee, Jason D and Liang, Yingbin and Poor, H Vincent},
  journal={Advances in Neural Information Processing Systems},
  volume={33},
  pages={11490--11500},
  year={2020}
}

@article{bracken1973mathematical,
  title={Mathematical programs with optimization problems in the constraints},
  author={Bracken, Jerome and McGill, James T},
  journal={Operations research},
  volume={21},
  number={1},
  pages={37--44},
  year={1973},
  publisher={INFORMS}
}

@inproceedings{domke2012generic,
  title={Generic methods for optimization-based modeling},
  author={Domke, Justin},
  booktitle={Artificial Intelligence and Statistics},
  pages={318--326},
  year={2012},
  organization={PMLR}
}

@inproceedings{pedregosa2016hyperparameter,
  title={Hyperparameter optimization with approximate gradient},
  author={Pedregosa, Fabian},
  booktitle={International conference on machine learning},
  pages={737--746},
  year={2016},
  organization={PMLR}
}

@article{gould2016differentiating,
  title={On differentiating parameterized argmin and argmax problems with application to bi-level optimization},
  author={Gould, Stephen and Fernando, Basura and Cherian, Anoop and Anderson, Peter and Cruz, Rodrigo Santa and Guo, Edison},
  journal={arXiv preprint arXiv:1607.05447},
  year={2016}
}

@inproceedings{maclaurin2015gradient,
  title={Gradient-based hyperparameter optimization through reversible learning},
  author={Maclaurin, Dougal and Duvenaud, David and Adams, Ryan},
  booktitle={International conference on machine learning},
  pages={2113--2122},
  year={2015},
  organization={PMLR}
}

@inproceedings{franceschi2017forward,
  title={Forward and reverse gradient-based hyperparameter optimization},
  author={Franceschi, Luca and Donini, Michele and Frasconi, Paolo and Pontil, Massimiliano},
  booktitle={International Conference on Machine Learning},
  pages={1165--1173},
  year={2017},
  organization={PMLR}
}

@inproceedings{franceschi2018bilevel,
  title={Bilevel programming for hyperparameter optimization and meta-learning},
  author={Franceschi, Luca and Frasconi, Paolo and Salzo, Saverio and Grazzi, Riccardo and Pontil, Massimiliano},
  booktitle={International conference on machine learning},
  pages={1568--1577},
  year={2018},
  organization={PMLR}
}

@inproceedings{shaban2019truncated,
  title={Truncated back-propagation for bilevel optimization},
  author={Shaban, Amirreza and Cheng, Ching-An and Hatch, Nathan and Boots, Byron},
  booktitle={The 22nd International Conference on Artificial Intelligence and Statistics},
  pages={1723--1732},
  year={2019},
  organization={PMLR}
}

@inproceedings{liao2018reviving,
  title={Reviving and improving recurrent back-propagation},
  author={Liao, Renjie and Xiong, Yuwen and Fetaya, Ethan and Zhang, Lisa and Yoon, KiJung and Pitkow, Xaq and Urtasun, Raquel and Zemel, Richard},
  booktitle={International Conference on Machine Learning},
  pages={3082--3091},
  year={2018},
  organization={PMLR}
}

@inproceedings{grazzi2020iteration,
  title={On the iteration complexity of hypergradient computation},
  author={Grazzi, Riccardo and Franceschi, Luca and Pontil, Massimiliano and Salzo, Saverio},
  booktitle={International Conference on Machine Learning},
  pages={3748--3758},
  year={2020},
  organization={PMLR}
}

@inproceedings{lorraine2020optimizing,
  title={Optimizing millions of hyperparameters by implicit differentiation},
  author={Lorraine, Jonathan and Vicol, Paul and Duvenaud, David},
  booktitle={International conference on artificial intelligence and statistics},
  pages={1540--1552},
  year={2020},
  organization={PMLR}
}
@inproceedings{zhang2020complexity,
  title={Complexity of finding stationary points of nonconvex nonsmooth functions},
  author={Zhang, Jingzhao and Lin, Hongzhou and Jegelka, Stefanie and Sra, Suvrit and Jadbabaie, Ali},
  booktitle={International Conference on Machine Learning},
  pages={11173--11182},
  year={2020},
  organization={PMLR}
}

@article{agrawal2019differentiable,
  title={Differentiable convex optimization layers},
  author={Agrawal, Akshay and Amos, Brandon and Barratt, Shane and Boyd, Stephen and Diamond, Steven and Kolter, J Zico},
  journal={Advances in neural information processing systems},
  volume={32},
  year={2019}
}

@inproceedings{amos2017optnet,
  title={Optnet: Differentiable optimization as a layer in neural networks},
  author={Amos, Brandon and Kolter, J Zico},
  booktitle={International Conference on Machine Learning},
  pages={136--145},
  year={2017},
  organization={PMLR}
}

@article{ghadimi2018approximation,
  title={Approximation methods for bilevel programming},
  author={Ghadimi, Saeed and Wang, Mengdi},
  journal={arXiv preprint arXiv:1802.02246},
  year={2018}
}

@article{landry2019differentiable,
  title={A differentiable augmented lagrangian method for bilevel nonlinear optimization},
  author={Landry, Benoit and Manchester, Zachary and Pavone, Marco},
  journal={arXiv preprint arXiv:1902.03319},
  year={2019}
}

@inproceedings{kwon2023fully,
  title={A fully first-order method for stochastic bilevel optimization},
  author={Kwon, Jeongyeol and Kwon, Dohyun and Wright, Stephen and Nowak, Robert D},
  booktitle={International Conference on Machine Learning},
  pages={18083--18113},
  year={2023},
  organization={PMLR}
}

@article{chen2023near,
  title={Near-Optimal Fully First-Order Algorithms for Finding Stationary Points in Bilevel Optimization},
  author={Chen, Lesi and Ma, Yaohua and Zhang, Jingzhao},
  journal={arXiv preprint arXiv:2306.14853},
  year={2023}
}

@article{chen2023bilevel,
  title={On bilevel optimization without lower-level strong convexity},
  author={Chen, Lesi and Xu, Jing and Zhang, Jingzhao},
  journal={arXiv preprint arXiv:2301.00712},
  year={2023}
}

@article{kornowski2024algorithm,
  title={An algorithm with optimal dimension-dependence for zero-order nonsmooth nonconvex stochastic optimization},
  author={Kornowski, Guy and Shamir, Ohad},
  journal={Journal of Machine Learning Research},
  volume={25},
  number={122},
  pages={1--14},
  year={2024}
}

@article{lin2022gradient,
  title={Gradient-free methods for deterministic and stochastic nonsmooth nonconvex optimization},
  author={Lin, Tianyi and Zheng, Zeyu and Jordan, Michael},
  journal={Advances in Neural Information Processing Systems},
  volume={35},
  pages={26160--26175},
  year={2022}
}

@inproceedings{cutkosky2023optimal,
  author={Cutkosky, Ashok and Mehta, Harsh and Orabona, Francesco},
  booktitle={International Conference on Machine Learning},
  pages={6643--6670},
  year={2023},
  organization={PMLR}
}

@article{zhang2024random,
  title={Random scaling and momentum for non-smooth non-convex optimization},
  author={Zhang, Qinzi and Cutkosky, Ashok},
  journal={arXiv preprint arXiv:2405.09742},
  year={2024}
}

@article{shamir2017optimal,
  title={An optimal algorithm for bandit and zero-order convex optimization with two-point feedback},
  author={Shamir, Ohad},
  journal={The Journal of Machine Learning Research},
  volume={18},
  number={1},
  pages={1703--1713},
  year={2017},
  publisher={JMLR. org}
}

@article{sabach2017first,
  title={A first order method for solving convex bilevel optimization problems},
  author={Sabach, Shoham and Shtern, Shimrit},
  journal={SIAM Journal on Optimization},
  volume={27},
  number={2},
  pages={640--660},
  year={2017},
  publisher={SIAM}
}

@article{beck2014first,
  title={A first order method for finding minimal norm-like solutions of convex optimization problems},
  author={Beck, Amir and Sabach, Shoham},
  journal={Mathematical Programming},
  volume={147},
  number={1-2},
  pages={25--46},
  year={2014},
  publisher={Springer}
}

@inproceedings{jiang2023conditional,
  title={A conditional gradient-based method for simple bilevel optimization with convex lower-level problem},
  author={Jiang, Ruichen and Abolfazli, Nazanin and Mokhtari, Aryan and Hamedani, Erfan Yazdandoost},
  booktitle={International Conference on Artificial Intelligence and Statistics},
  pages={10305--10323},
  year={2023},
  organization={PMLR}
}

@inproceedings{liu2021value,
  title={A value-function-based interior-point method for non-convex bi-level optimization},
  author={Liu, Risheng and Liu, Xuan and Yuan, Xiaoming and Zeng, Shangzhi and Zhang, Jin},
  booktitle={International Conference on Machine Learning},
  pages={6882--6892},
  year={2021},
  organization={PMLR}
}

@article{liu2022bome,
  title={Bome! bilevel optimization made easy: A simple first-order approach},
  author={Liu, Bo and Ye, Mao and Wright, Stephen and Stone, Peter and Liu, Qiang},
  journal={Advances in neural information processing systems},
  volume={35},
  pages={17248--17262},
  year={2022}
}

@inproceedings{chen2022single,
  title={A single-timescale method for stochastic bilevel optimization},
  author={Chen, Tianyi and Sun, Yuejiao and Xiao, Quan and Yin, Wotao},
  booktitle={International Conference on Artificial Intelligence and Statistics},
  pages={2466--2488},
  year={2022},
  organization={PMLR}
}

@article{hong2023two,
  title={A two-timescale stochastic algorithm framework for bilevel optimization: Complexity analysis and application to actor-critic},
  author={Hong, Mingyi and Wai, Hoi-To and Wang, Zhaoran and Yang, Zhuoran},
  journal={SIAM Journal on Optimization},
  volume={33},
  number={1},
  pages={147--180},
  year={2023},
  publisher={SIAM}
}

@article{chen2021closing,
  title={Closing the gap: Tighter analysis of alternating stochastic gradient methods for bilevel problems},
  author={Chen, Tianyi and Sun, Yuejiao and Yin, Wotao},
  journal={Advances in Neural Information Processing Systems},
  volume={34},
  pages={25294--25307},
  year={2021}
}

%%% relevant work used by prior wrk
@article{davis2019stochastic,
  title={Stochastic model-based minimization of weakly convex functions},
  author={Davis, Damek and Drusvyatskiy, Dmitriy},
  journal={SIAM Journal on Optimization},
  volume={29},
  number={1},
  pages={207--239},
  year={2019},
  publisher={SIAM}
}

@article{carmon2020lower,
  title={Lower bounds for finding stationary points I},
  author={Carmon, Yair and Duchi, John C and Hinder, Oliver and Sidford, Aaron},
  journal={Mathematical Programming},
  volume={184},
  number={1},
  pages={71--120},
  year={2020},
  publisher={Springer}
}

%%%%%%%%%%%%%%%%% prior unconstrained results
@inproceedings{ji2021bilevel,
  title={Bilevel optimization: Convergence analysis and enhanced design},
  author={Ji, Kaiyi and Yang, Junjie and Liang, Yingbin},
  booktitle={International conference on machine learning},
  pages={4882--4892},
  year={2021},
  organization={PMLR}
}

@inproceedings{franceschi2018bilevel,
  title={Bilevel programming for hyperparameter optimization and meta-learning},
  author={Franceschi, Luca and Frasconi, Paolo and Salzo, Saverio and Grazzi, Riccardo and Pontil, Massimiliano},
  booktitle={International conference on machine learning},
  pages={1568--1577},
  year={2018},
  organization={PMLR}
}

@inproceedings{grazzi2020iteration,
  title={On the iteration complexity of hypergradient computation},
  author={Grazzi, Riccardo and Franceschi, Luca and Pontil, Massimiliano and Salzo, Saverio},
  booktitle={International Conference on Machine Learning},
  pages={3748--3758},
  year={2020},
  organization={PMLR}
}

%%%% previous work on constrained bilevel problems 
@inproceedings{xu2023efficient,
  title={Efficient gradient approximation method for constrained bilevel optimization},
  author={Xu, Siyuan and Zhu, Minghui},
  booktitle={Proceedings of the AAAI Conference on Artificial Intelligence},
  volume={37},
  number={10},
  pages={12509--12517},
  year={2023}
}

@misc{DMLCBO, 
title = {Double Momentum Method for Lower-Level Constrained Bilevel Optimization}, 
url = {https://openreview.net/forum?id=K98byXpOpU}, 
year = {2024}
} 

@article{blondel2022efficient,
  title={Efficient and modular implicit differentiation},
  author={Blondel, Mathieu and Berthet, Quentin and Cuturi, Marco and Frostig, Roy and Hoyer, Stephan and Llinares-L{\'o}pez, Felipe and Pedregosa, Fabian and Vert, Jean-Philippe},
  journal={Advances in neural information processing systems},
  volume={35},
  pages={5230--5242},
  year={2022}
}

@article{bertrand2022implicit,
  title={Implicit differentiation for fast hyperparameter selection in non-smooth convex learning},
  author={Bertrand, Quentin and Klopfenstein, Quentin and Massias, Mathurin and Blondel, Mathieu and Vaiter, Samuel and Gramfort, Alexandre and Salmon, Joseph},
  journal={The Journal of Machine Learning Research},
  volume={23},
  number={1},
  pages={6680--6722},
  year={2022},
  publisher={JMLRORG}
}


@inproceedings{tsaknakis2022implicit,
  title={An implicit gradient-type method for linearly constrained bilevel problems},
  author={Tsaknakis, Ioannis and Khanduri, Prashant and Hong, Mingyi},
  booktitle={ICASSP 2022-2022 IEEE International Conference on Acoustics, Speech and Signal Processing (ICASSP)},
  pages={5438--5442},
  year={2022},
  organization={IEEE}
}
@misc{yao2024constrained,
      title={Constrained Bi-Level Optimization: Proximal Lagrangian Value function Approach and Hessian-free Algorithm}, 
      author={Wei Yao and Chengming Yu and Shangzhi Zeng and Jin Zhang},
      year={2024},
      eprint={2401.16164},
      archivePrefix={arXiv},
      primaryClass={cs.LG}
}
@misc{gao2024moreau,
      title={Moreau Envelope Based Difference-of-weakly-Convex Reformulation and Algorithm for Bilevel Programs}, 
      author={Lucy L. Gao and Jane J. Ye and Haian Yin and Shangzhi Zeng and Jin Zhang},
      year={2024},
      eprint={2306.16761},
      archivePrefix={arXiv},
      primaryClass={math.OC}
}

@article{ye2023difference,
  title={Difference of convex algorithms for bilevel programs with applications in hyperparameter selection},
  author={Ye, Jane J and Yuan, Xiaoming and Zeng, Shangzhi and Zhang, Jin},
  journal={Mathematical Programming},
  volume={198},
  number={2},
  pages={1583--1616},
  year={2023},
  publisher={Springer Berlin Heidelberg Berlin/Heidelberg}
}
@article{abolfazli2023inexact,
  title={An Inexact Conditional Gradient Method for Constrained Bilevel Optimization},
  author={Abolfazli, Nazanin and Jiang, Ruichen and Mokhtari, Aryan and Hamedani, Erfan Yazdandoost},
  journal={arXiv preprint arXiv:2306.02429},
  year={2023}
}

@inproceedings{khanduri2023linearly,
  title={Linearly constrained bilevel optimization: A smoothed implicit gradient approach},
  author={Khanduri, Prashant and Tsaknakis, Ioannis and Zhang, Yihua and Liu, Jia and Liu, Sijia and Zhang, Jiawei and Hong, Mingyi},
  booktitle={International Conference on Machine Learning},
  pages={16291--16325},
  year={2023},
  organization={PMLR}
}

@article{davis2022gradient,
  title={A gradient sampling method with complexity guarantees for Lipschitz functions in high and low dimensions},
  author={Davis, Damek and Drusvyatskiy, Dmitriy and Lee, Yin Tat and Padmanabhan, Swati and Ye, Guanghao},
  journal={Advances in neural information processing systems},
  volume={35},
  pages={6692--6703},
  year={2022}
}

@inproceedings{salim2022optimal,
  title={An optimal algorithm for strongly convex minimization under affine constraints},
  author={Salim, Adil and Condat, Laurent and Kovalev, Dmitry and Richt{\'a}rik, Peter},
  booktitle={International conference on artificial intelligence and statistics},
  pages={4482--4498},
  year={2022},
  organization={PMLR}
}

@article{lan2023optimal,
  title={Optimal and parameter-free gradient minimization methods for convex and nonconvex optimization},
  author={Lan, Guanghui and Ouyang, Yuyuan and Zhang, Zhe},
  journal={arXiv e-prints},
  pages={arXiv--2310},
  year={2023}
}

@book{lan2020first,
  title={First-order and stochastic optimization methods for machine learning},
  author={Lan, Guanghui},
  volume={1},
  year={2020},
  publisher={Springer}
}

@book{shapiro2021lectures,
  title={Lectures on stochastic programming: modeling and theory},
  author={Shapiro, Alexander and Dentcheva, Darinka and Ruszczynski, Andrzej},
  year={2021},
  publisher={SIAM}
}

@article{zhang2022solving,
  title={Solving Convex Smooth Function Constrained Optimization Is Almost As Easy As Unconstrained Optimization},
  author={Zhang, Zhe and Lan, Guanghui},
  journal={arXiv preprint arXiv:2210.05807},
  year={2022}
}